@MISC{sepsis_def,
	author = "U.S. National Library of Medicine",
	title = "Sepsis",
	howpublished = {\texttt{http://www.ncbi.nlm.nih.gov/pubmedhealth/PMH0001687/}}
}

@ARTICLE{statins,
	author = "I. Kouroumichakis and N. Papanas and S. Proikaki and P. Zarogoulidis and E. Maltezos",
	title = "Statins in Prevention and Treatment of Severe Sepsis and Septic Shock",
	journal = "European Journal of Internal Medicine",
	year = "2011",
	volume = "22",
	pages = "125-133"
}

@MISC{meds,
	author = "N. Shapiro and R. Wolfe and R. Moore and E. Smith and E. Burdick and D. Bates",
	title = "Mortality in Emergency Department Sepsis (MEDS) score: a prospectively derived and validated clinical prediction rule",
	howpublished = {\texttt{http://www.ncbi.nlm.nih.gov/pubmed/12626967/}}
}

@ARTICLE{epi,
	author = "Greg S. Martin M.D. and David M. Mannino M.D. and Stephanie Eaton M.D. and Marc Moss M.D.",
	title = "The Epidemiology of Sepsis in the United States from 1979 through 2000",
	journal = "The New England Journal of Medicine",
	year = "2003",
	volume = "348",
	pages = "1546-1554"
}

@ARTICLE{multicenter_study,
	author = "Christian Brun-Buisson MD and Francoise Doyon MSc and Jean Carlet MD and Pierre Dellamonica MD and Francois Gouin MD and Anges Lepoutre MD and Jean-Christophe Mercier MD and Georges Offenstadt MD and Bernard Regnier MD",
	title = "Incidence, Risk Factor, and Outcome of Severe Sepsis and Septic Shock in Adults",
	journal = "Concepts in Emergency and Critical Care",
	year = "1995",
	volume = "274",
	number = "12",
	month = "September",
	pages = "968-974"
}

@ARTICLE{deaths,
	author = "L. A Lynn and J. Paul Curry",
	title = "Patterns of Unexpected In-Hospital Deaths: A Root Cause Analysis",
	journal = "Patient Safety in Surgery",
	year = "2011",
	volume = "5",
	number = "3",
	month = "February"
}

@ARTICLE{smart_alarm,
	author = "Andrew King and Alex Roederer and David Arney and Sanjian Chen and Margaret Fortino-Mullen and Ana Giannareas and C. William Hanson III and Vanessa Kern and Nicholas Stevens and Jonathan Tannen and Adrian Viesca Trevino and Soojin Park and Oleg Sokolsky and and Insup Lee",
	title = "GSA: A Framework for Rapid Prototyping of Smart Alarm Systems",
	journal = "Departmental Papers (CIS)",
	year = "2010",
	month = "November"
}

@ARTICLE{bayes,
	author = "Ernesto Ocampo and Mariana Maceiras and Silvia Herrera and Cecilia Maurente and Daniel Rodriguez and and Miguel A. Sicilia",
	title = "Comparing Bayesian Inference and Case-Based Reasoning as Support Techniques in the Diagnosis of Acute Bacterial Meningitis",
	journal = "Expert Systems with Applications",
	year = "2011",
	volume = "38",
	pages = "10343-10354"
}

@MISC{ranges,
	author = "Rush University Medical Center",
	title = "Normal Ranges for Common Laboratory Tests",
	howpublished = {\texttt{http://www.rush.edu/webapps/rml/RMLRanges.jsp}}
}

@MISC{hipaa,
	author = "Department of Health and Human Services",
	title = "Understanding HIPAA Privacy: Research",
	howpublished = {\texttt{http://www.hhs.gov/ocr/privacy/hipaa/ understanding/index.html}}
}

@ARTICLE{guidelines,
	author = "R. Phillip Dellinger and Mitchell M. Levy and Jean M. Carlet and Julian Bion and Margaret M. Parker and Roman Jaeschke and Konrad Reinhart and Derek C. Angus and Christian Brun-Buisson and Richard Beale and Thierry Calandra and Jean-Francois Dhainaut and Herwig Gerlach and Maurene Harvey and John J. Marini and John Marshall and Marco Ranieri and Graham Ramsay and Jonathan Sevransky and B. Taylor Thompson and Sean Townsend and Jeffrey S. Vender and Janice L. Zimmerman and and Jean-Louis Vincent",
	title = "Surviving Sepsis Campaign: International Guidelines for Management of Sever Sepsis and Septic Shock: 2008",
	journal = "Intensive Care Medicine",
	year = "2008",
	volume = "34",
	pages = "17-60"
}